@online{celery-doc,
	title={Celery Project Documentation},
	year={2018},
	url={http://docs.celeryproject.org/en/latest/index.html},
}

@online{django-channels-doc,
	title={Django Channels Documentation},
	year={2018},
	url={https://channels.readthedocs.io/en/latest/},
}

@online{django-celery-beat-doc,
	title={Django Celery Beat Documentation},
	year={2018},
	month={10},
	url={https://django-celery-beat.readthedocs.io/en/latest/},
}

@online{channels-redis-doc,
	title={channels-redis},
	year={2018},
	month={10},
	url={https://github.com/django/channels_redis},
}

@online{django-doc,
	title={Django Documentation},
	year={2018},
	month={10},
	url={https://docs.djangoproject.com/},
}

@online{django,
	title={Django},
	year={2018},
	month={10},
	url={https://www.djangoproject.com/},
}

@online{daphne,
	title={Daphne},
	year={2018},
	month={10},
	url={https://github.com/django/daphne/},
}

@online{widget-tweaks,
	title={Django Widget Tweaks},
	year={2018},
	month={10},
	url={https://github.com/jazzband/django-widget-tweaks},
}

@online{factory-boy-doc,
	title={Factory Boy},
	year={2018},
	month={10},
	url={https://factoryboy.readthedocs.io/en/latest/},
}

@online{python-google-maps,
	title={Python Client for Google Maps},
	year={2018},
	month={10},
	url={https://github.com/googlemaps/google-maps-services-python},
}

@online{gunicorn,
	title={Gunicorn},
	year={2018},
	month={10},
	url={https://gunicorn.org/},
}

@online{psycopg2,
	title={Psycopg2},
	year={2018},
	month={10},
	url={http://initd.org/psycopg/},
}

@online{python-redis,
	title={Python Redis},
	year={2018},
	month={10},
	url={https://redislabs.com/lp/python-redis/},
}
